113025000199001234561212281301132000000012268019782MACARENA FERNANDEZ     
22    0099121228121228030001000000000041080012345678000000000000N66543210T01    
2301R/LINCE TELEC  SERV.TELECOM.ORAN                                            
22    0099121228121231120001000000000034001234567800000000000000                
2301TARGETA Bar Experience                                                      
22    0099121228121231120001000000000035001234567800000000000000                
2301TARGETA Museo                                                               
22    0099121231130103120001000000000165570001234567000000000000                
2301TARGETA MERCADO                                                             
22    0099130102130102030001000000000267350012345678000000000000000123456789    
2301R/F.CARBONELL  N.RECIBO: 2341.12                                            
22    0099130102130102040002000000000635003025000100000000000000                
2301TRASPAS                                                                     
22    0099130102130102040002000000000957003025000100000000000000                
2301TRASPAS                                                                     
22    0099130107130107030001000000000452201234567890000000000000000012345678    
2301R/Gas Natural  GNS009007300500                                              
22    0099130109130109030001000000000168660012345678000000000000123456789123    
2301R/ENDESA ENER  ENDES000300000000                                            
22    0099130110130113120001000000000154900001234560000000000000                
2301TARGETA HIPER MADRID                                                        
22    1153130110130110050001000000001911870001234567000000000000                
2301QUOTA PRESTEC                                                               
3330250001990012345600009000000035760630000200000000236200200000001062938978    
88999999999999999999000024                                                      
